trentonknight@T100.Skynet.11992:1324076023