
@misc{phillips_infographic:_????,
	title = {{INFOGRAPHIC:} Where Does our National Debt Come From? {\textbar} The White House},
	url = {http://www.whitehouse.gov/blog/2011/07/26/infographic-where-does-our-national-debt-come},
	journal = {The White House Blog},
	author = {Phillips, Macon},
	howpublished = {http://www.whitehouse.gov/blog/2011/07/26/infographic-where-does-our-national-debt-come}
}