
@misc{_u.s._????,
	title = {{U.S.} National Debt Clock : Real Time},
	url = {http://www.usdebtclock.org/},
	howpublished = {http://www.usdebtclock.org/}
}